<record><leader>00000cas a2200000 a 4500</leader><controlfield tag="001">36626201</controlfield><controlfield tag="008">970325d18uu19uumiuwr n       0    0eng c</controlfield><datafield ind1=" " ind2=" " tag="010"><subfield code="a">sn 97063299 </subfield></datafield><datafield ind1=" " ind2=" " tag="040"><subfield code="a">MHN</subfield><subfield code="b">eng</subfield><subfield code="c">MHN</subfield><subfield code="d">OCL</subfield><subfield code="d">MHN</subfield><subfield code="d">OCLCQ</subfield><subfield code="d">OCLCF</subfield><subfield code="d">OCLCO</subfield></datafield><datafield ind1="1" ind2=" " tag="029"><subfield code="a">AU@</subfield><subfield code="b">000013197184</subfield></datafield><datafield ind1=" " ind2=" " tag="042"><subfield code="a">pcc</subfield></datafield><datafield ind1=" " ind2=" " tag="043"><subfield code="a">n-us-mi</subfield></datafield><datafield ind1="0" ind2="4" tag="245"><subfield code="a">The Tawas herald.</subfield></datafield><datafield ind1=" " ind2=" " tag="260"><subfield code="a">Tawas City, Mich. :</subfield><subfield code="b">Len J. Patterson</subfield></datafield><datafield ind1=" " ind2=" " tag="300"><subfield code="a">v.</subfield></datafield><datafield ind1=" " ind2=" " tag="310"><subfield code="a">Weekly</subfield></datafield><datafield ind1=" " ind2=" " tag="500"><subfield code="a">Issue called: Centennial ed., June 25, 1954.</subfield></datafield><datafield ind1=" " ind2=" " tag="580"><subfield code="a">Merged with: Iosco County news, to form: Iosco County news herald.</subfield></datafield><datafield ind1=" " ind2=" " tag="588"><subfield code="a">Description based on: Vol. 10, no. 44 (Oct. 27, 1893).</subfield></datafield><datafield ind1=" " ind2="0" tag="651"><subfield code="a">Tawas City (Mich.)</subfield><subfield code="v">Newspapers.</subfield></datafield><datafield ind1=" " ind2="0" tag="651"><subfield code="a">Iosco County (Mich.)</subfield><subfield code="v">Newspapers.</subfield></datafield><datafield ind1=" " ind2="7" tag="655"><subfield code="a">Newspapers.</subfield><subfield code="2">fast</subfield><subfield code="0">(OCoLC)fst01423814</subfield></datafield><datafield ind1=" " ind2="7" tag="651"><subfield code="a">Michigan</subfield><subfield code="z">Iosco County.</subfield><subfield code="2">fast</subfield><subfield code="0">(OCoLC)fst01214767</subfield></datafield><datafield ind1=" " ind2="7" tag="651"><subfield code="a">Michigan</subfield><subfield code="z">Tawas City.</subfield><subfield code="2">fast</subfield><subfield code="0">(OCoLC)fst01237473</subfield></datafield><datafield ind1=" " ind2=" " tag="752"><subfield code="a">United States</subfield><subfield code="b">Michigan</subfield><subfield code="c">Iosco</subfield><subfield code="d">Tawas City.</subfield></datafield><datafield ind1="0" ind2="7" tag="785"><subfield code="t">Iosco County news</subfield><subfield code="w">(DLC)sn2001061797</subfield><subfield code="w">(OCoLC)47856919</subfield></datafield><datafield ind1="0" ind2="7" tag="785"><subfield code="t">Iosco County news herald</subfield><subfield code="w">(DLC)sn2001061798</subfield><subfield code="w">(OCoLC)47856951</subfield></datafield></record>